<collection xmlns="http://www.loc.gov/MARC21/slim">
<record>
  <leader>01100nam0a22001811i 450 </leader>
  <controlfield tag="001">IT\ICCU\CNCE\062720</controlfield>
  <controlfield tag="005">20051206000000.0</controlfield>
  <datafield tag="012" ind1=" " ind2=" ">
    <subfield code="a">1513 t.i. u.r. hSes (3) 1555 (A)</subfield>
    <subfield code="2">fei</subfield>
  </datafield>
  <datafield tag="100" ind1=" " ind2=" ">
    <subfield code="a">20051201d1555        0itac0103    ba</subfield>
  </datafield>
  <datafield tag="101" ind1=" " ind2=" ">
    <subfield code="a">LAT</subfield>
  </datafield>
  <datafield tag="102" ind1=" " ind2=" ">
    <subfield code="a">IT</subfield>
  </datafield>
  <datafield tag="200" ind1="1" ind2=" ">
    <subfield code="a">Flores omnium pene doctorum, qui cum in theologia, tum in philosophia hactenus claruerunt: sedulo collecti per Thomam Hibernicum, &amp; alphabetico ordine digesti: exactiore vero iam fide &amp; animaduersione, quam vsquam antea castigati. Autores, ex quibus depromptae gnomologiae in ipsa operis fronte praefixi sunt</subfield>
  </datafield>
  <datafield tag="210" ind1=" " ind2=" ">
    <subfield code="a">Lugduni</subfield>
    <subfield code="c">apud Gulielmum Rouillium</subfield>
    <subfield code="d">sub scuto Veneto</subfield>
    <subfield code="d">1555</subfield>
  </datafield>
  <datafield tag="215" ind1=" " ind2=" ">
    <subfield code="a">12!, 1137, 3! p.</subfield>
    <subfield code="d">16o</subfield>
  </datafield>
  <datafield tag="300" ind1=" " ind2=" ">
    <subfield code="a">ANNULLATA  !!!!!   E&apos; STRANIERA((Marca (L90687) sul front. - Cors. ; gr. ; rom. - Segn.: a-z8 A-Z8 Aa-Zz8 AA-CC8. -  Bianca la c. CC8. - Iniziale xil</subfield>
  </datafield>
  <datafield tag="801" ind1=" " ind2="3">
    <subfield code="a">IT</subfield>
    <subfield code="b">ICCU</subfield>
    <subfield code="c">20201115</subfield>
  </datafield>
  <datafield tag="899" ind1=" " ind2=" ">
    <subfield code="a">Biblioteca comunale dell&apos;Archiginnasio. Bologna</subfield>
    <subfield code="1">BO0304</subfield>
    <subfield code="2">UBO GA</subfield>
  </datafield>
  <datafield tag="899" ind1=" " ind2=" ">
    <subfield code="a">Biblioteca del Seminario Vescovile della Facolt ̉Teologica del Triveneto dell&apos;Istituto Filosofico Aloisianum. Padova</subfield>
    <subfield code="1">PD0073</subfield>
    <subfield code="2">PUV 01</subfield>
  </datafield>
</record>
</collection>
